<record><leader>00000cas a22000007a 4500</leader><controlfield tag="001">28322131</controlfield><controlfield tag="008">930624d18uu1830ctuwr ne      0    0eng d</controlfield><datafield ind1=" " ind2=" " tag="010"><subfield code="a">sn 93054013 </subfield></datafield><datafield ind1=" " ind2=" " tag="040"><subfield code="a">CNW</subfield><subfield code="b">eng</subfield><subfield code="c">CNW</subfield><subfield code="d">OCL</subfield><subfield code="d">OCLCQ</subfield><subfield code="d">OCLCO</subfield></datafield><datafield ind1="1" ind2=" " tag="029"><subfield code="a">AU@</subfield><subfield code="b">000020230566</subfield></datafield><datafield ind1=" " ind2=" " tag="042"><subfield code="a">msc</subfield></datafield><datafield ind1=" " ind2=" " tag="043"><subfield code="a">n-us-ct</subfield></datafield><datafield ind1="0" ind2="0" tag="245"><subfield code="a">Saugatuck journal and Fairfield County Republican.</subfield></datafield><datafield ind1=" " ind2=" " tag="260"><subfield code="a">Saugatuck [Conn.] :</subfield><subfield code="b">Albert Hanford, ed.</subfield></datafield><datafield ind1=" " ind2=" " tag="300"><subfield code="a">v.</subfield></datafield><datafield ind1=" " ind2=" " tag="310"><subfield code="a">Weekly</subfield></datafield><datafield ind1="1" ind2=" " tag="362"><subfield code="a">Ceased in 1830.</subfield></datafield><datafield ind1=" " ind2=" " tag="588"><subfield code="a">Description based on: Vol. 2, [no.] 63 (Mar. 3, 1830).</subfield></datafield><datafield ind1=" " ind2="0" tag="651"><subfield code="a">Saugatuck (Conn.)</subfield><subfield code="v">Newspapers.</subfield></datafield><datafield ind1=" " ind2="0" tag="651"><subfield code="a">Westport (Conn.)</subfield><subfield code="v">Newspapers.</subfield></datafield><datafield ind1=" " ind2="0" tag="651"><subfield code="a">Fairfield County (Conn.)</subfield><subfield code="v">Newspapers.</subfield></datafield><datafield ind1=" " ind2=" " tag="752"><subfield code="a">United States</subfield><subfield code="b">Connecticut</subfield><subfield code="c">Fairfield</subfield><subfield code="d">Saugatuck.</subfield></datafield><datafield ind1="0" ind2="4" tag="780"><subfield code="t">Saugatuck journal</subfield><subfield code="w">(DLC)sn 93054012</subfield><subfield code="w">(OCoLC)28322102</subfield></datafield><datafield ind1="0" ind2="4" tag="780"><subfield code="t">Fairfield County Republican (Norwalk, Conn.)</subfield><subfield code="w">(DLC)sn 94053203</subfield></datafield><datafield ind1="0" ind2="0" tag="785"><subfield code="t">Fairfield County Republican (Saugatuck, Conn.)</subfield><subfield code="w">(DLC)sn 93054014</subfield><subfield code="w">(OCoLC)28322169</subfield></datafield></record>